% This file was created with JabRef 2.10.
% Encoding: Cp1252

@InProceedings{1, 
  Title     = {Caltech-256 object category dataset. Technical Report 7694, California Institute of Technology,},
  Author    = {G. Griffin and A.Holub and P.Perona.},
  Year      = {2007}
}

@InProceedings{2, 
  Title     = {The pascal visual object classes (voc) challenge,},
  Author    = {M. Everingham and V.V. Cool and C.K.I. Williams and J.Winn and A.Zisserman.},
  Year      = {2009}
}

@InProceedings{3, 
  Title     = {Imagenet: A large-scale hierarchical image database.},
  Author    = {J.Deng and W.Dong and R.Socher and L.Jia Li and K.li and L.Fei-Fei.},
  Booktitle = {Proceedings of the IEEE Conference on Computer Vision and Pattern Recognition.},
  Year      = {2009} 
}

@InProceedings{4, 
  Title     = {Sun database: Exploring a large collection of scence categories},
  Author    = {J.Xiao and K.A.Ehinger and J.Hays and A.Torralba and A.Olivia and J.Xiao.},
  Year      = {2013}
}

@InProceedings{5, 
  Title     = {ImageNet classification with deep convolutional neural networks.},
  Author    = {A. Krizhevsky and I.Sutskever and G.E.Hinton},
  Booktitle = {Advances in Neural Information Processing Systems, {NIPS}},
  Year      = {2012},
  Pages     = {1097--1105} 
}

@InProceedings{6, 
  Title     = {Convolutional neural networks applied to house numbers digit classification.},
  Author    = {P. Sermanet and S.Chintala and Y.LeCun},
  Booktitle = {ICPR},
  Year      = {2012}
}

@InProceedings{7, 
  Title     = {Learning realistic human actions from movies.},
  Author    = {I.Laptev and M.Marszalek and C.Schmidt and B.Rozenfeld.},
  Booktitle = {Conference on Computer Vision and Pattern Recognition,
               {IEEE}},
  Year      = {2008}
}

@InProceedings{8, 
  Title     = {Actions as space-time shapes.},
  Author    = {M.Blank and L.Gorelick and E.Shechtman and M.Irani and R.Basri},
  Booktitle = {Proceedings of the International Conference on Computer Vision,
               {ICCV}},
  Year      = {2005}
}


@InProceedings{9, 
  Title     = {Batch normalization: Accelerating deep network training by reducing internal covariate shift.},
  Author    = {S. Ioffe and C. Szegedy.},
  Booktitle = {Proceedings of the 32nd International Conference on Machine Learning,
               {ICML}},
  Year      = {2015},
  Pages     = {448--456} 
}

@InProceedings{10,
  Title                    = {Activitynet: A large-scale video benchmark for human activity understanding.},
  Author                   = {F. C. Heilbron and V. Escorcia and B. Ghanem and J. C. Niebles.},
  Booktitle                = {IEEE Conference on Computer Vision and Pattern Recognition (CVPR)},
  Year                     = {2015},
  Pages                    = {961--970}
}


@InProceedings{11,
  Title                    = {Large-scale video classification with convolutional neural networks},
  Author                   = {A. Karpathy and G. Toderici and S. Shetty and T. Leung and R. Sukthankar and L. Fei-Fei},
  Booktitle                = {IEEE Conference on Computer Vision and Pattern Recognition (CVPR)},
  Year                     = {2014},
  Address                  = {Columbus, Ohio, USA},
  Pages                    = {1725-1732}
}


@InProceedings{12,
  Title                    = {Hierarchical mixtures of experts and the em algorithm},
  Author                   = {M.I. Jordan},
  Booktitle                = {Neural Computation, 6},
  Year                     = {1994}
}





